<record><leader>00000cas a22000007a 4500</leader><controlfield tag="001">9693818</controlfield><controlfield tag="008">830712d19821983tnudn ne      0   a0eng d</controlfield><datafield ind1=" " ind2=" " tag="010"><subfield code="a">sn 83007972 </subfield></datafield><datafield ind1=" " ind2=" " tag="040"><subfield code="a">NSD</subfield><subfield code="b">eng</subfield><subfield code="c">NSD</subfield><subfield code="d">TGN</subfield><subfield code="d">OCLCQ</subfield><subfield code="d">OCLCF</subfield><subfield code="d">OCLCO</subfield></datafield><datafield ind1=" " ind2=" " tag="012"><subfield code="m">d</subfield></datafield><datafield ind1="1" ind2=" " tag="022"><subfield code="a">0746-0198</subfield><subfield code="l">0746-0198</subfield><subfield code="2">1</subfield></datafield><datafield ind1="1" ind2=" " tag="029"><subfield code="a">AU@</subfield><subfield code="b">000020418971</subfield></datafield><datafield ind1=" " ind2=" " tag="032"><subfield code="a">519250</subfield><subfield code="b">USPS</subfield></datafield><datafield ind1=" " ind2=" " tag="042"><subfield code="a">nsdp</subfield><subfield code="a">msc</subfield></datafield><datafield ind1=" " ind2=" " tag="043"><subfield code="a">n-us-tn</subfield></datafield><datafield ind1="0" ind2=" " tag="130"><subfield code="a">Morning press (Murfreesboro, Tenn.)</subfield></datafield><datafield ind1=" " ind2="4" tag="222"><subfield code="a">The Morning press</subfield><subfield code="b">(Murfreesboro, Tenn.)</subfield></datafield><datafield ind1="1" ind2="4" tag="245"><subfield code="a">The Morning press.</subfield></datafield><datafield ind1=" " ind2=" " tag="260"><subfield code="a">Murfreesboro, Tenn. :</subfield><subfield code="b">Morning Press</subfield></datafield><datafield ind1=" " ind2=" " tag="300"><subfield code="a">v.</subfield></datafield><datafield ind1=" " ind2=" " tag="310"><subfield code="a">Daily (except Sun.)</subfield></datafield><datafield ind1="1" ind2=" " tag="362"><subfield code="a">Began in 1982; ceased in 1983.</subfield></datafield><datafield ind1=" " ind2=" " tag="588"><subfield code="a">Description based on: Vol. 5, no. 4 (June 4, 1982).</subfield></datafield><datafield ind1=" " ind2="0" tag="651"><subfield code="a">Murfreesboro (Tenn.)</subfield><subfield code="v">Newspapers.</subfield></datafield><datafield ind1=" " ind2="0" tag="651"><subfield code="a">Rutherford County (Tenn.)</subfield><subfield code="v">Newspapers.</subfield></datafield><datafield ind1=" " ind2="7" tag="655"><subfield code="a">Newspapers.</subfield><subfield code="2">fast</subfield><subfield code="0">(OCoLC)fst01423814</subfield></datafield><datafield ind1=" " ind2="7" tag="651"><subfield code="a">Tennessee</subfield><subfield code="z">Murfreesboro.</subfield><subfield code="2">fast</subfield><subfield code="0">(OCoLC)fst01202976</subfield></datafield><datafield ind1=" " ind2="7" tag="651"><subfield code="a">Tennessee</subfield><subfield code="z">Rutherford County.</subfield><subfield code="2">fast</subfield><subfield code="0">(OCoLC)fst01208169</subfield></datafield><datafield ind1=" " ind2=" " tag="752"><subfield code="a">United States</subfield><subfield code="b">Tennessee</subfield><subfield code="c">Rutherford</subfield><subfield code="d">Murfreesboro.</subfield></datafield><datafield ind1="0" ind2="0" tag="780"><subfield code="t">Murfreesboro press</subfield><subfield code="w">(DLC)sn 00063913</subfield></datafield></record>